[gd_scene load_steps=16 format=2]

[ext_resource path="res://scripts/UI/ToolBar/ToolBar.gd" type="Script" id=1]
[ext_resource path="res://assets/fonts/MenuButtonFont.tres" type="DynamicFont" id=2]
[ext_resource path="res://assets/themes/MainDropdownMenu.tres" type="Theme" id=3]
[ext_resource path="res://scripts/UI/ToolBar/MenuButton.gd" type="Script" id=4]

[sub_resource type="StyleBoxFlat" id=1]
bg_color = Color( 0.0784314, 0.0784314, 0.0862745, 1 )

[sub_resource type="InputEventKey" id=2]
control = true
command = true
scancode = 78

[sub_resource type="ShortCut" id=3]
shortcut = SubResource( 2 )

[sub_resource type="InputEventKey" id=4]
control = true
command = true
scancode = 79

[sub_resource type="ShortCut" id=5]
shortcut = SubResource( 4 )

[sub_resource type="InputEventKey" id=6]
control = true
command = true
scancode = 83

[sub_resource type="ShortCut" id=7]
shortcut = SubResource( 6 )

[sub_resource type="InputEventKey" id=8]
alt = true
control = true
command = true
scancode = 83

[sub_resource type="ShortCut" id=9]
shortcut = SubResource( 8 )

[sub_resource type="InputEventKey" id=10]
control = true
command = true
scancode = 81

[sub_resource type="ShortCut" id=11]
shortcut = SubResource( 10 )

[node name="ToolBar" type="Control"]
anchor_right = 1.0
margin_bottom = 26.0
script = ExtResource( 1 )

[node name="PanelContainer" type="PanelContainer" parent="."]
anchor_right = 1.0
anchor_bottom = 1.0
custom_styles/panel = SubResource( 1 )

[node name="HBoxContainer" type="HBoxContainer" parent="PanelContainer"]
margin_right = 1024.0
margin_bottom = 26.0

[node name="MainMenu" type="HBoxContainer" parent="PanelContainer/HBoxContainer"]
editor/display_folded = true
margin_right = 128.0
margin_bottom = 26.0
size_flags_horizontal = 2

[node name="File" type="Button" parent="PanelContainer/HBoxContainer/MainMenu"]
editor/display_folded = true
margin_right = 40.0
margin_bottom = 26.0
custom_fonts/font = ExtResource( 2 )
text = "File"
flat = true

[node name="Menu" type="PanelContainer" parent="PanelContainer/HBoxContainer/MainMenu/File"]
visible = false
margin_top = 26.0
margin_right = 176.0
margin_bottom = 89.0
theme = ExtResource( 3 )

[node name="MarginContainer" type="MarginContainer" parent="PanelContainer/HBoxContainer/MainMenu/File/Menu"]
margin_left = 3.0
margin_top = 3.0
margin_right = 173.0
margin_bottom = 126.0
custom_constants/margin_right = 0
custom_constants/margin_top = 2
custom_constants/margin_left = 0
custom_constants/margin_bottom = 2

[node name="VBoxContainer" type="VBoxContainer" parent="PanelContainer/HBoxContainer/MainMenu/File/Menu/MarginContainer"]
margin_top = 2.0
margin_right = 170.0
margin_bottom = 121.0

[node name="New" type="Button" parent="PanelContainer/HBoxContainer/MainMenu/File/Menu/MarginContainer/VBoxContainer"]
margin_right = 170.0
margin_bottom = 15.0
size_flags_horizontal = 3
theme = ExtResource( 3 )
shortcut = SubResource( 3 )
text = "New"
align = 0
script = ExtResource( 4 )

[node name="Label" type="Label" parent="PanelContainer/HBoxContainer/MainMenu/File/Menu/MarginContainer/VBoxContainer/New"]
anchor_left = 1.0
anchor_top = 0.5
anchor_right = 1.0
anchor_bottom = 0.5
margin_left = -112.0
margin_top = -7.5
margin_right = -3.0
margin_bottom = 7.5
size_flags_horizontal = 11
custom_fonts/font = ExtResource( 2 )
custom_colors/font_color = Color( 0.580392, 0.603922, 0.658824, 1 )
text = "Ctrl+N"
align = 2

[node name="Open" type="Button" parent="PanelContainer/HBoxContainer/MainMenu/File/Menu/MarginContainer/VBoxContainer"]
margin_top = 19.0
margin_right = 170.0
margin_bottom = 34.0
size_flags_horizontal = 3
theme = ExtResource( 3 )
shortcut = SubResource( 5 )
text = "Open"
align = 0
script = ExtResource( 4 )

[node name="Label" type="Label" parent="PanelContainer/HBoxContainer/MainMenu/File/Menu/MarginContainer/VBoxContainer/Open"]
anchor_left = 1.0
anchor_top = 0.5
anchor_right = 1.0
anchor_bottom = 0.5
margin_left = -112.0
margin_top = -7.5
margin_right = -3.0
margin_bottom = 7.5
size_flags_horizontal = 11
custom_fonts/font = ExtResource( 2 )
custom_colors/font_color = Color( 0.580392, 0.603922, 0.658824, 1 )
text = "Ctrl+O"
align = 2

[node name="MarginContainer2" type="MarginContainer" parent="PanelContainer/HBoxContainer/MainMenu/File/Menu/MarginContainer/VBoxContainer"]
margin_top = 38.0
margin_right = 170.0
margin_bottom = 48.0
custom_constants/margin_top = 10

[node name="Save" type="Button" parent="PanelContainer/HBoxContainer/MainMenu/File/Menu/MarginContainer/VBoxContainer"]
margin_top = 52.0
margin_right = 170.0
margin_bottom = 67.0
size_flags_horizontal = 3
theme = ExtResource( 3 )
shortcut = SubResource( 7 )
text = "Save"
align = 0
script = ExtResource( 4 )

[node name="Label" type="Label" parent="PanelContainer/HBoxContainer/MainMenu/File/Menu/MarginContainer/VBoxContainer/Save"]
anchor_left = 1.0
anchor_top = 0.5
anchor_right = 1.0
anchor_bottom = 0.5
margin_left = -112.0
margin_top = -7.5
margin_right = -3.0
margin_bottom = 7.5
size_flags_horizontal = 11
custom_fonts/font = ExtResource( 2 )
custom_colors/font_color = Color( 0.580392, 0.603922, 0.658824, 1 )
text = "Ctrl+S"
align = 2

[node name="SaveAs" type="Button" parent="PanelContainer/HBoxContainer/MainMenu/File/Menu/MarginContainer/VBoxContainer"]
margin_top = 71.0
margin_right = 170.0
margin_bottom = 86.0
size_flags_horizontal = 3
theme = ExtResource( 3 )
shortcut = SubResource( 9 )
text = "Save As"
align = 0
script = ExtResource( 4 )

[node name="Label" type="Label" parent="PanelContainer/HBoxContainer/MainMenu/File/Menu/MarginContainer/VBoxContainer/SaveAs"]
anchor_left = 1.0
anchor_top = 0.5
anchor_right = 1.0
anchor_bottom = 0.5
margin_left = -112.0
margin_top = -7.5
margin_right = -3.0
margin_bottom = 7.5
size_flags_horizontal = 11
custom_fonts/font = ExtResource( 2 )
custom_colors/font_color = Color( 0.580392, 0.603922, 0.658824, 1 )
text = "Ctrl+Alt+S"
align = 2

[node name="MarginContainer" type="MarginContainer" parent="PanelContainer/HBoxContainer/MainMenu/File/Menu/MarginContainer/VBoxContainer"]
margin_top = 90.0
margin_right = 170.0
margin_bottom = 100.0
custom_constants/margin_top = 10

[node name="Exit" type="Button" parent="PanelContainer/HBoxContainer/MainMenu/File/Menu/MarginContainer/VBoxContainer"]
margin_top = 104.0
margin_right = 170.0
margin_bottom = 119.0
size_flags_horizontal = 3
theme = ExtResource( 3 )
shortcut = SubResource( 11 )
text = "Exit"
align = 0
script = ExtResource( 4 )

[node name="Label" type="Label" parent="PanelContainer/HBoxContainer/MainMenu/File/Menu/MarginContainer/VBoxContainer/Exit"]
anchor_left = 1.0
anchor_top = 0.5
anchor_right = 1.0
anchor_bottom = 0.5
margin_left = -112.0
margin_top = -7.5
margin_right = -3.0
margin_bottom = 7.5
size_flags_horizontal = 11
custom_fonts/font = ExtResource( 2 )
custom_colors/font_color = Color( 0.580392, 0.603922, 0.658824, 1 )
text = "Ctrl+Q"
align = 2

[node name="Edit" type="Button" parent="PanelContainer/HBoxContainer/MainMenu"]
margin_left = 44.0
margin_right = 84.0
margin_bottom = 26.0
custom_fonts/font = ExtResource( 2 )
text = "Edit"
flat = true

[node name="Menu" type="PanelContainer" parent="PanelContainer/HBoxContainer/MainMenu/Edit"]
editor/display_folded = true
visible = false
margin_top = 26.0
margin_right = 176.0
margin_bottom = 155.0
theme = ExtResource( 3 )

[node name="MarginContainer" type="MarginContainer" parent="PanelContainer/HBoxContainer/MainMenu/Edit/Menu"]
margin_left = 3.0
margin_top = 3.0
margin_right = 173.0
margin_bottom = 126.0
custom_constants/margin_right = 0
custom_constants/margin_top = 2
custom_constants/margin_left = 0
custom_constants/margin_bottom = 2

[node name="VBoxContainer" type="VBoxContainer" parent="PanelContainer/HBoxContainer/MainMenu/Edit/Menu/MarginContainer"]
margin_top = 2.0
margin_right = 170.0
margin_bottom = 121.0

[node name="New" type="Button" parent="PanelContainer/HBoxContainer/MainMenu/Edit/Menu/MarginContainer/VBoxContainer"]
margin_right = 170.0
margin_bottom = 15.0
size_flags_horizontal = 3
theme = ExtResource( 3 )
shortcut = SubResource( 3 )
text = "New"
align = 0
script = ExtResource( 4 )

[node name="Label" type="Label" parent="PanelContainer/HBoxContainer/MainMenu/Edit/Menu/MarginContainer/VBoxContainer/New"]
anchor_left = 1.0
anchor_top = 0.5
anchor_right = 1.0
anchor_bottom = 0.5
margin_left = -112.0
margin_top = -7.5
margin_right = -3.0
margin_bottom = 7.5
size_flags_horizontal = 11
custom_fonts/font = ExtResource( 2 )
custom_colors/font_color = Color( 0.580392, 0.603922, 0.658824, 1 )
text = "Ctrl+N"
align = 2

[node name="Open" type="Button" parent="PanelContainer/HBoxContainer/MainMenu/Edit/Menu/MarginContainer/VBoxContainer"]
margin_top = 19.0
margin_right = 170.0
margin_bottom = 34.0
size_flags_horizontal = 3
theme = ExtResource( 3 )
shortcut = SubResource( 5 )
text = "Open"
align = 0
script = ExtResource( 4 )

[node name="Label" type="Label" parent="PanelContainer/HBoxContainer/MainMenu/Edit/Menu/MarginContainer/VBoxContainer/Open"]
anchor_left = 1.0
anchor_top = 0.5
anchor_right = 1.0
anchor_bottom = 0.5
margin_left = -112.0
margin_top = -7.5
margin_right = -3.0
margin_bottom = 7.5
size_flags_horizontal = 11
custom_fonts/font = ExtResource( 2 )
custom_colors/font_color = Color( 0.580392, 0.603922, 0.658824, 1 )
text = "Ctrl+O"
align = 2

[node name="MarginContainer2" type="MarginContainer" parent="PanelContainer/HBoxContainer/MainMenu/Edit/Menu/MarginContainer/VBoxContainer"]
margin_top = 38.0
margin_right = 170.0
margin_bottom = 48.0
custom_constants/margin_top = 10

[node name="Save" type="Button" parent="PanelContainer/HBoxContainer/MainMenu/Edit/Menu/MarginContainer/VBoxContainer"]
margin_top = 52.0
margin_right = 170.0
margin_bottom = 67.0
size_flags_horizontal = 3
theme = ExtResource( 3 )
shortcut = SubResource( 7 )
text = "Save"
align = 0
script = ExtResource( 4 )

[node name="Label" type="Label" parent="PanelContainer/HBoxContainer/MainMenu/Edit/Menu/MarginContainer/VBoxContainer/Save"]
anchor_left = 1.0
anchor_top = 0.5
anchor_right = 1.0
anchor_bottom = 0.5
margin_left = -112.0
margin_top = -7.5
margin_right = -3.0
margin_bottom = 7.5
size_flags_horizontal = 11
custom_fonts/font = ExtResource( 2 )
custom_colors/font_color = Color( 0.580392, 0.603922, 0.658824, 1 )
text = "Ctrl+S"
align = 2

[node name="SaveAs" type="Button" parent="PanelContainer/HBoxContainer/MainMenu/Edit/Menu/MarginContainer/VBoxContainer"]
margin_top = 71.0
margin_right = 170.0
margin_bottom = 86.0
size_flags_horizontal = 3
theme = ExtResource( 3 )
shortcut = SubResource( 9 )
text = "Save As"
align = 0
script = ExtResource( 4 )

[node name="Label" type="Label" parent="PanelContainer/HBoxContainer/MainMenu/Edit/Menu/MarginContainer/VBoxContainer/SaveAs"]
anchor_left = 1.0
anchor_top = 0.5
anchor_right = 1.0
anchor_bottom = 0.5
margin_left = -112.0
margin_top = -7.5
margin_right = -3.0
margin_bottom = 7.5
size_flags_horizontal = 11
custom_fonts/font = ExtResource( 2 )
custom_colors/font_color = Color( 0.580392, 0.603922, 0.658824, 1 )
text = "Ctrl+Alt+S"
align = 2

[node name="MarginContainer" type="MarginContainer" parent="PanelContainer/HBoxContainer/MainMenu/Edit/Menu/MarginContainer/VBoxContainer"]
margin_top = 90.0
margin_right = 170.0
margin_bottom = 100.0
custom_constants/margin_top = 10

[node name="Exit" type="Button" parent="PanelContainer/HBoxContainer/MainMenu/Edit/Menu/MarginContainer/VBoxContainer"]
margin_top = 104.0
margin_right = 170.0
margin_bottom = 119.0
size_flags_horizontal = 3
theme = ExtResource( 3 )
shortcut = SubResource( 11 )
text = "Exit"
align = 0
script = ExtResource( 4 )

[node name="Label" type="Label" parent="PanelContainer/HBoxContainer/MainMenu/Edit/Menu/MarginContainer/VBoxContainer/Exit"]
anchor_left = 1.0
anchor_top = 0.5
anchor_right = 1.0
anchor_bottom = 0.5
margin_left = -112.0
margin_top = -7.5
margin_right = -3.0
margin_bottom = 7.5
size_flags_horizontal = 11
custom_fonts/font = ExtResource( 2 )
custom_colors/font_color = Color( 0.580392, 0.603922, 0.658824, 1 )
text = "Ctrl+Q"
align = 2

[node name="Help" type="Button" parent="PanelContainer/HBoxContainer/MainMenu"]
margin_left = 88.0
margin_right = 128.0
margin_bottom = 26.0
custom_fonts/font = ExtResource( 2 )
text = "Help"
flat = true

[node name="Menu" type="PanelContainer" parent="PanelContainer/HBoxContainer/MainMenu/Help"]
editor/display_folded = true
visible = false
margin_top = 26.0
margin_right = 176.0
margin_bottom = 155.0
theme = ExtResource( 3 )

[node name="MarginContainer" type="MarginContainer" parent="PanelContainer/HBoxContainer/MainMenu/Help/Menu"]
margin_left = 3.0
margin_top = 3.0
margin_right = 173.0
margin_bottom = 126.0
custom_constants/margin_right = 0
custom_constants/margin_top = 2
custom_constants/margin_left = 0
custom_constants/margin_bottom = 2

[node name="VBoxContainer" type="VBoxContainer" parent="PanelContainer/HBoxContainer/MainMenu/Help/Menu/MarginContainer"]
margin_top = 2.0
margin_right = 170.0
margin_bottom = 121.0

[node name="New" type="Button" parent="PanelContainer/HBoxContainer/MainMenu/Help/Menu/MarginContainer/VBoxContainer"]
margin_right = 170.0
margin_bottom = 15.0
size_flags_horizontal = 3
theme = ExtResource( 3 )
shortcut = SubResource( 3 )
text = "New"
align = 0
script = ExtResource( 4 )

[node name="Label" type="Label" parent="PanelContainer/HBoxContainer/MainMenu/Help/Menu/MarginContainer/VBoxContainer/New"]
anchor_left = 1.0
anchor_top = 0.5
anchor_right = 1.0
anchor_bottom = 0.5
margin_left = -112.0
margin_top = -7.5
margin_right = -3.0
margin_bottom = 7.5
size_flags_horizontal = 11
custom_fonts/font = ExtResource( 2 )
custom_colors/font_color = Color( 0.580392, 0.603922, 0.658824, 1 )
text = "Ctrl+N"
align = 2

[node name="Open" type="Button" parent="PanelContainer/HBoxContainer/MainMenu/Help/Menu/MarginContainer/VBoxContainer"]
margin_top = 19.0
margin_right = 170.0
margin_bottom = 34.0
size_flags_horizontal = 3
theme = ExtResource( 3 )
shortcut = SubResource( 5 )
text = "Open"
align = 0
script = ExtResource( 4 )

[node name="Label" type="Label" parent="PanelContainer/HBoxContainer/MainMenu/Help/Menu/MarginContainer/VBoxContainer/Open"]
anchor_left = 1.0
anchor_top = 0.5
anchor_right = 1.0
anchor_bottom = 0.5
margin_left = -112.0
margin_top = -7.5
margin_right = -3.0
margin_bottom = 7.5
size_flags_horizontal = 11
custom_fonts/font = ExtResource( 2 )
custom_colors/font_color = Color( 0.580392, 0.603922, 0.658824, 1 )
text = "Ctrl+O"
align = 2

[node name="MarginContainer2" type="MarginContainer" parent="PanelContainer/HBoxContainer/MainMenu/Help/Menu/MarginContainer/VBoxContainer"]
margin_top = 38.0
margin_right = 170.0
margin_bottom = 48.0
custom_constants/margin_top = 10

[node name="Save" type="Button" parent="PanelContainer/HBoxContainer/MainMenu/Help/Menu/MarginContainer/VBoxContainer"]
margin_top = 52.0
margin_right = 170.0
margin_bottom = 67.0
size_flags_horizontal = 3
theme = ExtResource( 3 )
shortcut = SubResource( 7 )
text = "Save"
align = 0
script = ExtResource( 4 )

[node name="Label" type="Label" parent="PanelContainer/HBoxContainer/MainMenu/Help/Menu/MarginContainer/VBoxContainer/Save"]
anchor_left = 1.0
anchor_top = 0.5
anchor_right = 1.0
anchor_bottom = 0.5
margin_left = -112.0
margin_top = -7.5
margin_right = -3.0
margin_bottom = 7.5
size_flags_horizontal = 11
custom_fonts/font = ExtResource( 2 )
custom_colors/font_color = Color( 0.580392, 0.603922, 0.658824, 1 )
text = "Ctrl+S"
align = 2

[node name="SaveAs" type="Button" parent="PanelContainer/HBoxContainer/MainMenu/Help/Menu/MarginContainer/VBoxContainer"]
margin_top = 71.0
margin_right = 170.0
margin_bottom = 86.0
size_flags_horizontal = 3
theme = ExtResource( 3 )
shortcut = SubResource( 9 )
text = "Save As"
align = 0
script = ExtResource( 4 )

[node name="Label" type="Label" parent="PanelContainer/HBoxContainer/MainMenu/Help/Menu/MarginContainer/VBoxContainer/SaveAs"]
anchor_left = 1.0
anchor_top = 0.5
anchor_right = 1.0
anchor_bottom = 0.5
margin_left = -112.0
margin_top = -7.5
margin_right = -3.0
margin_bottom = 7.5
size_flags_horizontal = 11
custom_fonts/font = ExtResource( 2 )
custom_colors/font_color = Color( 0.580392, 0.603922, 0.658824, 1 )
text = "Ctrl+Alt+S"
align = 2

[node name="MarginContainer" type="MarginContainer" parent="PanelContainer/HBoxContainer/MainMenu/Help/Menu/MarginContainer/VBoxContainer"]
margin_top = 90.0
margin_right = 170.0
margin_bottom = 100.0
custom_constants/margin_top = 10

[node name="Exit" type="Button" parent="PanelContainer/HBoxContainer/MainMenu/Help/Menu/MarginContainer/VBoxContainer"]
margin_top = 104.0
margin_right = 170.0
margin_bottom = 119.0
size_flags_horizontal = 3
theme = ExtResource( 3 )
shortcut = SubResource( 11 )
text = "Exit"
align = 0
script = ExtResource( 4 )

[node name="Label" type="Label" parent="PanelContainer/HBoxContainer/MainMenu/Help/Menu/MarginContainer/VBoxContainer/Exit"]
anchor_left = 1.0
anchor_top = 0.5
anchor_right = 1.0
anchor_bottom = 0.5
margin_left = -112.0
margin_top = -7.5
margin_right = -3.0
margin_bottom = 7.5
size_flags_horizontal = 11
custom_fonts/font = ExtResource( 2 )
custom_colors/font_color = Color( 0.580392, 0.603922, 0.658824, 1 )
text = "Ctrl+Q"
align = 2
